% Referencias web




















%%%%%%%%%%%%%%%%%%%%%%%%%%%%%%%%%%%%%%%%%%%%%%%%%%%%%%%%%%%%%%%%%%%%%%%%%%%%%%%%%%%%%%%%%%%%%%%%%%%%%%%%%%%%%%
%AM


@misc{AMISOdefinicion, 
    author = {International Organization for Standardization (ISO)},
    title = {ISO/ASTM 52900:2021(en) Additive manufacturing — General principles - Fundamentals and vocabulary},
    year = 2021,
    howpublished = { \url{https://www.iso.org/standard/69669.html}},
}

@book{AMWikiDefinition,
    author    = "Leal, Silvia",
    title     = "E-Renovarse o morir: 7 Tendencias tecnológicas para convertirte en un líder digital",
    publisher = "LID Editorial Empresarial, S.L.",
    year      = "2015",
    ?_month    = "",
    ?_note     = "\url{https://books.google.es/books?id=bcPnCgAAQBAJ&pg=PT15&dq=impresi\%C3\%B3n+3D+es+fabricaci\%C3\%B3n+por+adici\%C3\%B3n&hl=es&sa=X&ved=0ahUKEwjE5uqOtOnXAhWFnBoKHSvxCSAQ6AEIJjAA#v=onepage&q=impresi\%C3\%B3n\%203D\%20es\%20fabricaci\%C3\%B3n\%20por\%20adici\%C3\%B3n&f=false}",
}

@article{AMNoWikiDefinition40Industry,
    author    = "Jandyal, A. and Chaturvedi, I. and Wazir, I. and Raina, A. and Ul Haq and Mir I.",
    title     = "3D printing – A review of processes, materials and applications in industry 4.0",
    journal   = "Sustainable Operations and Computers",
    volume   = 3,
    pages    = "33-42",
    year      = "2022",
    note     = {\url{https://www.sciencedirect.com/science/article/pii/S2666412721000441}}
}

@Article{AMGoodArticle,
AUTHOR = {Karayannis, P. and Saliakas, S. and Kokkinopoulos, I. and Damilos, S. and Koumoulos, Elias P. and Gkartzou, E. and Gomez, J. and Charitidis, C.},
TITLE = {Facilitating Safe FFF 3D Printing: A Prototype Material Case Study},
JOURNAL = {Sustainability},
VOLUME = {14},
YEAR = {2022},
NUMBER = {5},
ARTICLE-NUMBER = {3046},
howpublished = {\url{https://www.mdpi.com/2071-1050/14/5/3046}},
ISSN = {2071-1050},
}


@article{AMRevolution,
    author    = "Simons, M.",
    title     = "Additive manufacturing—a revolution in progress? Insights from a multiple case study.",
    journal   = "Int J Adv Manuf Technol",
    volume   = 96,
    pages    = "735–749",
    year      = "2018",
    note     = {\url{https://doi.org/10.1007/s00170-018-1601-1}}
}


@misc{AMInvention, 
    author = {Masters, W.E.},
    title = {Computer Automated Manufacturing Process and System.},
    howpublished = {U.S. Patent 4,665,492, 12 May 1987},
    note = { \url{https://patents.google.com/patent/US4665492/en}},
}



@article{AMinAuto,
    author    = "Sreehitha, V.",
    title     = "Impact of 3D printing in automotive industry.",
    journal   = "International Journal of Mechanical And Production Engineering",
    volume   = 5,
    pages    = "91–94",
    year      = "2017",
    note ={\url{https://www.iraj.in/journal/journal_file/journal_pdf/2-347-149260399391-94.pdf}}
}


@article{AMinAero,
    author = "Singamneni, S. and Lv, Y. and Hewitt, A. and Chalk, R. and Thomas, W. and Jordison, D.",
    title = "Additive Manufacturing for the Aircraft Industry: A Review.",
    journal = "Journal of Aeronautics `I\&' Aerospace Engineering",
    volume = 8,
    pages = "1-13",
    year = "2019",
    note = {\url{https://www.longdom.org/open-access/additive-manufacturing-for-the-aircraft-industry-a-review-18967.html}}
}


@article{AMinMedicine,
    author    = "Javaid, M.; Haleem",
    title     = "Additive manufacturing applications in medical cases: A literature based review.",
    journal   = "Alexandria Journal of Medicine",
    volume   = 54,
    pages    = "411–422",
    year      = "2018",
    note     = {\url{https://doi.org/10.1007/s00170-018-1601-1}}
}


@article{AMInnovativeOrgans,
    author    = "Noor, N. and Shapira, A. and Edri, R. and Gal, I. and Wertheim, L. and Dvir, T.",
    title     = "3D Printing of Personalized Thick and Perfusable Cardiac Patches and Hearts.",
    journal   = "Advanced Science",
    volume   = 6,
    pages    = "1900344",
    year      = "2019",
    note     = {\url{https://onlinelibrary.wiley.com/doi/10.1002/advs.201900344}}
}



@article{AMInnovativeGrafeno,
    author    = "Zhang, Q. and Zhang, F. and Medarametla, S.P. and Li, H. and Zhou, C. and Lin, D.",
    title     = "3D Printing of Graphene Aerogels.",
    journal   = "Small",
    volume   = 12,
    pages    = "1702–1708",
    year      = "2016",
    note     = {\url{https://doi.org/10.1007/s00170-018-1601-1}}
}

@misc{AMInnovativeNBA,
    author    = "John Loeffler",
    title     = "Wilson's newest basketball prototype is 3D-printed and doesn't need air",
    howpublished = "Interesting Engineering",
    year      = "2023",
    note     = "\url{https://interestingengineering.com/innovation/wilson-airless-basketball-prototype}",
}

@misc{AMTipos, 
    author = {ALL3DP},
    title = {The 7 Main Types of 3D Printing Technology},
    year = 2023,
    howpublished = { \url{https://all3dp.com/1/types-of-3d-printers-3d-printing-technology/}},
}

@article{AMDataset,
    author    = "Akhavan, Javid and Lyu, Jiaqi",
    title     = "Image-based dataset of artifact surfaces fabricated by additive manufacturing with applications in machine learning",
    journal   = "Data in Brief",
    volume   = "41",
    pages    = "107852",
    year      = "2022",
    note     = "\url{https://www.sciencedirect.com/science/article/pii/S2352340922000646}",
}


@misc{AMFFFHistory, 
    author = {Digital manufacturing news and research},
    title = {FFF vs FDM: Difference and Best Printers},
    year = 2020,
    howpublished = { \url{https://top3dshop.com/blog/fff-vs-fdm-difference-and-best-printers}},
}


@misc{AMFFFDiference, 
    author = {Xometry},
    title = {FDM vs. FFF: Differences and Comparison},
    year = 2022,
    howpublished = { \url{https://www.xometry.com/resources/3d-printing/fdm-vs-fff-3d-printing/#:~:text=The\%20main\%20difference\%20between\%20FFF,and\%20more\%20likely\%20to\%20warp.}},
}


@article{AMFFFProcess,
    author    = "Rashid, Ans Al and Koç, Muammer",
    title     = "Fused Filament Fabrication Process: A Review of Numerical Simulation Techniques",
    journal   = "Polymers",
    volume   = "13",
    number = {20},
    pages = {3534},
    year = "2021",
    note     = "\url{https://www.mdpi.com/2073-4360/13/20/3534}",
}


@article{AMFFFPostProcessing,
    author    = "Dizon, John Ryan C. and Gache, Ciara Catherine L. and Cascolan, Honelly Mae S. and Cancino, Lina T. and Advincula, Rigoberto C.",
    title     = "Post-Processing of 3D-Printed Polymers",
    journal   = "Technologies",
    volume   = "9",
    number = {3},
    pages = {61},
    year = "2021",
    note     = "\url{https://doi.org/10.3390/technologies9030061}",
}
































%%%%%%%%%%%%%%%%%%%%%%%%%%%%%%%%%%%%%%%%%%%%%%%%%%%%%%%%%%%%%%%%%%%%%%%%%%%%%%%%%%%%%%%%%%%%%%%%%%%%%%%%%%%%%%
%IA


@misc{JohnMccarthy, 
    author = {Webedia Brand Services},
    title = {Cómo se levanta uno e inventa la IA en 1956},
    year = {2018},
    howpublished = {Xataka},
     note = { \url{https://ecosistemahuawei.xataka.com/como-se-levanta-uno-e-inventa-la-ia-en-1956/}},
}

@article{AlanTuring,
    author    = "A.M. Turing",
    title     = "COMPUTING MACHINERY AND INTELLIGENCE",
    journal   = "Mind",
    volume   = "49",
    pages = {433-460},
    year = "1950",
    note     = "\url{https://doi.org/10.3390/technologies9030061}",
}


@misc{ClaudeShannon, 
    author = {Chess-poster blog},
    title = { Claude E. Shannon },
    howpublished = {Chess-poster},
     note = { \url{https://www.chess-poster.com/spanish/historia/claude_e_shannon_e.htm}},
}

@misc{FrankRosenblatt,
    author    = "Melanie Lefkowitz",
    title     = "Professor’s perceptron paved the way for AI – 60 years too soon",
    howpublished   = "Cornell Chronicle",
    year = "2019",
    note     = "\url{https://news.cornell.edu/stories/2019/09/professors-perceptron-paved-way-ai-60-years-too-soon}",
}

@book{LibroInviernoIA,
  address = {Cambridge, MA, USA},
  author = {Minsky, Marvin and Papert, Seymour},
  publisher = {MIT Press},
  title = {Perceptrons: An Introduction to Computational Geometry},
  year = 1969
}

@article{LibroFinInvierno,
  author = {Rumelhart, David E and Hinton, Geoffrey E and Williams, Ronald J},
  journal = {nature},
  number = 6088,
  pages = {533--536},
  publisher = {Nature Publishing Group UK London},
  title = {Learning representations by back-propagating errors},
  volume = 323,
  year = 1986
}

@misc{SegundoInviernoIA,
    author    = "Mark Sullivan",
    title     = "The 10 most important moments in AI (so far)",
    howpublished   = "FastCompany",
    year = "2019",
    note     = "\url{https://www.fastcompany.com/90402503/the-10-most-important-moments-in-ai-so-far}",
}

@misc{KasparovDeepBlue,
    author    = "Garry Kasparov",
    title     = "Man vs Machine",
    howpublished   = "Garry Kasparov page",
    note     = "\url{https://www.kasparov.com/timeline-event/deep-blue/}",
}

@misc{JeffanAndrew,
    author    = "Quoc V. Le and Marc'Aurelio Ranzato and Rajat Monga and Matthieu Devin and Kai Chen and Greg S. Corrado and Jeff Dean and Andrew Y. Ng",
    title     = "Building high-level features using large scale unsupervised learning",
    year = "2011",
    note     = "\url{https://arxiv.org/abs/1112.6209}",
}

@article{AlphaGo,
  author = {Kavukcuoglu, Koray and Graepel, Thore and Hassabis, Demis and et al},
  journal = {Nature},
  number = 7587,
  pages = {484--489},
  publisher = {Nature Publishing Group},
  title = {Mastering the Game of {Go} with Deep Neural Networks and Tree Search},
  volume = 529,
  year = 2016
}

@misc{AlphaGoGuardian,
    author    = "Alex Hern",
    title     = "AlphaGo: its creator on the computer that learns by thinking",
    howpublished   = "The Guardian",
    year = "2016",
    note     = "\url{https://www.theguardian.com/technology/2016/mar/15/alphago-what-does-google-advanced-software-go-next}",
}

@article{AlphaFold,
  author = {Kavukcuoglu, Koray and Kohli, Pushmeet and Hassabis, Demis and et al},
  journal = {Nature},
  number = 7873,
  pages = {583--589},
  publisher = {Nature Publishing Group},
  title = {Highly accurate protein structure prediction with AlphaFold},
  volume = 596,
  year = 2021
}


@misc{ChatGPT,
    author    = "OpenAI",
    title     = "Introducing ChatGPT",
    year = "2022",
    note     = "\url{https://openai.com/blog/chatgpt}",
}


@misc{Coursera, 
    author = {Coursera},
    title = {Deep Learning vs. Machine Learning: Beginner’s Guide},
    howpublished = {Coursera},
     note = { \url{https://www.coursera.org/articles/ai-vs-deep-learning-vs-machine-learning-beginners-guide}},
}


@misc{IBMEspañol, 
    author = {IBM},
    title = {¿Qué es Deep Learning?},
    howpublished = {IBM.com},
     note = { \url{https://www.ibm.com/es-es/topics/deep-learning}},
}


@misc{VideoCSV, 
    author = {Carlos Santana Vega},
    title = {¿Qué es el Machine Learning?¿Y Deep Learning? Un mapa conceptual | DotCSV},
    howpublished = {YouTube: canal Dot CSV},
     note = { \url{https://www.youtube.com/watch?v=KytW151dpqU&list=PL-Ogd76BhmcC_E2RjgIIJZd1DQdYHcVf0&index=1&pp=iAQB}},
}


@misc{EzequielFundamentals, 
    author = {Ezequiel Lopez Rubio},
    title = {Fundamentals of deep learning},
    year = 2020,
     note = { \url{file:///C:/Users/X540UA/Documents/MartinUni/5\%C2\%BA\%20curso/TFG/EzequielSlides/Fundamentals.pdf}},
}

@misc{VideoCSVRedeNeuronales2, 
    author = {Carlos Santana Vega},
    title = {¿Qué es una Red Neuronal? Parte 2 : La Red | DotCSV},
    howpublished = {YouTube: canal Dot CSV},
     note = { \url{https://www.youtube.com/watch?v=uwbHOpp9xkc&list=PL-Ogd76BhmcC_E2RjgIIJZd1DQdYHcVf0&index=7&pp=iAQB}},
}


@misc{VideoCSVBackPropagation, 
    author = {Carlos Santana Vega},
    title = {¿Qué es una Red Neuronal? Parte 3 : Backpropagation | DotCSV},
    howpublished = {YouTube: canal Dot CSV},
     note = { \url{https://www.youtube.com/watch?v=KytW151dpqU&list=PL-Ogd76BhmcC_E2RjgIIJZd1DQdYHcVf0&index=1&pp=iAQB}},
}


@misc{ArticuloBackpropagationReglaCdena, 
    author = {Ritwick Roy},
    title = {Neural Networks: Forward pass and Backpropagation},
    howpublished = {Towards Data Science},
    year = 2022,
     note = { \url{https://towardsdatascience.com/neural-networks-forward-pass-and-backpropagation-be3b75a1cfcc}},
}

@misc{VideoCSVCNN, 
    author = {Carlos Santana Vega},
    title = {¡Redes Neuronales CONVOLUCIONALES! ¿Cómo funcionan?},
    howpublished = {YouTube: canal Dot CSV},
    year = 2020,
     note = { \url{https://www.youtube.com/watch?v=V8j1oENVz00&t=403s}},
}


@misc{BuenArticuloConvolucion, 
    author = {Sumit Saha},
    title = {A Comprehensive Guide to Convolutional Neural Networks — the ELI5 way},
    howpublished = {SaturnCloud},
    year = 2018,
     note = { \url{https://saturncloud.io/blog/a-comprehensive-guide-to-convolutional-neural-networks-the-eli5-way/}},
}


@misc{BuenArticuloSoftMax, 
    author = {Andrea Perlato},
    title = {CNN and Softmax},
    howpublished = {andreaperlato.com},
    year = 2019,
     note = { \url{https://www.andreaperlato.com/aipost/cnn-and-softmax/}},
}








































%%%%%%%%%%%%%%%%%%%%%%%%%%%%%%%%%%%%%%%%%%%%%%%%%%%%%%%%%%%%%%%%%%%%%%%%%%%%%%%%%%%%%%%%%%%%%%%%%%%%%%%%%%%%%%
%Metodologia

@misc{ArticuloPythonGithub, 
    author = {Rizel Scarlett},
    title = {Why Python keeps growing, explained.},
    year = 2022,
    howpublished = {GitHub},
     note = { \url{https://github.blog/2023-03-02-why-python-keeps-growing-explained/}},
}

@conference{LexFridmanGuidoVanRossum, 
    author = {Lex Fridman},
    title = {Guido van Rossum: Python | Lex Fridman Podcast Nº6},
    year = 2018,
     note = { \url{https://www.youtube.com/watch?v=ghwaIiE3Nd8}},
}

@book{DeepLearningPytorchBook,
  author = {Stevens, Eli and Antiga, Luca and Viehmann, Thomas},
  title = {Deep Learning with PyTorch},
  url = {https://pytorch.org/assets/deep-learning/Deep-Learning-with-PyTorch.pdf},
  year = 2020
}

@misc{GoogleColab, 
    author = {Google},
    title = {Colaboratory: Preguntas frecuentes},
     note = { \url{https://research.google.com/colaboratory/intl/es/faq.html}},
}

@misc{ScikitTokio, 
    author = {Tokio School},
    title = {Libreria scikit-learn python, aprende todo},
    year = 2023,
     note = { \url{https://www.tokioschool.com/noticias/que-es-scikit-learn/}},
}


@article{SqueezenetBetter2,
    author    = "Anmol Malhotra and Rithik Agarwal and Hardev Khandhar and Rohan Mathur",
    title     = "SqueezeNet: The Key to Unlocking the Potential of Edge Computing",
    journal   = "SFU Professional Computer Science",
    year = "2023",
    note     = "\url{https://medium.com/sfu-cspmp/squeezenet-the-key-to-unlocking-the-potential-of-edge-computing-c8b224d839ba}",
}


@misc{11Epochs, 
    author = {Eray Eliaçık},
    title = {The touchstone of machine learning: Epoch},
    year = 2022,
    howpublished = {Dataconomy},
     note = { \url{https://dataconomy.com/2022/08/19/what-is-an-epoch-in-machine-learning/#:~:text=How\%20many\%20epochs\%20to\%20train,the\%20full\%20dataset\%20through\%20it.}},
}

@misc{TransferLearningMatlab, 
    author = {MathWorks},
    title = {Transfer learning para entrenar modelos de Deep Learning},
    howpublished = {MathWorks},
     note = { \url{https://es.mathworks.com/discovery/transfer-learning.html}},
}

@misc{EzequielFeatureExtraction, 
    author = {Ezequiel Lopez Rubio},
    title = {Feature extraction.},
    year = 2020,
     note = { \url{https://drive.google.com/drive/folders/1hp7NXQrCVkGgwjhYRFGtMuEZxvsj0A2E}},
}


@misc{PyTorchFinTuningModels, 
    author = {Nathan Inkawhich},
    title = {FINETUNING TORCHVISION MODELS},
    year = 2017,
    howpublished = {PyTorch},
     note = { \url{https://pytorch.org/tutorials/beginner/finetuning_torchvision_models_tutorial.html}},
}



@inproceedings{AlexNetPaper,
author = {Krizhevsky, Alex and Sutskever, Ilya and Hinton, Geoffrey E.},
title = {ImageNet Classification with Deep Convolutional Neural Networks},
year = {2012},
publisher = {Curran Associates Inc.},
address = {Red Hook, NY, USA},
booktitle = {Proceedings of the 25th International Conference on Neural Information Processing Systems - Volume 1},
pages = {1097–1105},
note = { \url{https://proceedings.neurips.cc/paper_files/paper/2012/file/c399862d3b9d6b76c8436e924a68c45b-Paper.pdf}},
}


@article{VGGPaper,
  author = {Simonyan, Karen and Zisserman, Andrew},
  journal = {arXiv preprint arXiv:1409.1556},
  title = {{Very deep convolutional networks for large-scale image recognition}},
  year = 2014,
  note     = "\url{https://arxiv.org/abs/1409.1556}",
}

@article{InceptionPaper,
  author = {Christian Szegedy and Vincent Vanhoucke and Sergey Ioffe and Jonathon Shlens and Zbigniew Wojna},
  journal = {CoRR},
  title = {Rethinking the Inception Architecture for Computer Vision},
  year = 2015,
  note     = "\url{https://arxiv.org/abs/1512.00567}",
}


@article{DenseNetPaper,
  author = {Gao Huang and Zhuang Liu and Laurens van der Maaten and Kilian Q. Weinberger},
  journal = {arXiv preprint arXiv:1608.06993},
  title = {Densely Connected Convolutional Networks},
  year = 2015,
  note     = "\url{https://arxiv.org/abs/1608.06993}",
}


@article{ResNetPaper,
  author = {Gao Huang and Zhuang Liu and Laurens van der Maaten and Kilian Q. Weinberger},
  journal = {Proceedings of 2016 IEEE Conference on Computer Vision and Pattern Recognition},
  title = {Deep Residual Learning for Image Recognition},
  page = {770--778},
  howpublished = {IEEE},
  year = 2016,
  note     = "\url{https://arxiv.org/abs/1608.06993}",
}

@article{ResNetArchitectureImage, 
    author = {Mingyu Gao and Peng Song and Fei Wang and Junyan Liu and Andreas Mandelis and DaWei Qi},
    title = {A Novel Deep Convolutional Neural Network Based on ResNet-18 and Transfer Learning for Detection of Wood Knot Defects},
    journal = {Journal of Sensors},
    year = 2022,
    howpublished = {Hindawi},
     note = { \url{https://doi.org/10.1155/2021/4428964}},
}


@article{SqueezeNetPaper,
  author = {F. Iandola and S. Han and M. Moskewicz and K. Ashraf and W. Dally and K. Keutzer},
  journal = {arxiv:1602.07360Comment},
  title = {SqueezeNet: AlexNet-level accuracy with 50x fewer parameters and <0.5MB model size},
  year = 2016,
  note     = "\url{https://arxiv.org/abs/1602.07360}",
}


@article{PaperComparesModelsPapers,
  author = {Aravinda S Rao and Tuan Nguyen and Tuan Ngo},
  journal = {Structural Health Monitoring},
  title = {Vision-based automated crack detection using convolutional neural networks for condition assessment of infrastructure},
  volume = 20,
  issue = 4,
  pages = {2124-2142},
  year = 2020,
  note     = "\url{https://journals.sagepub.com/doi/abs/10.1177/1475921720965445}",
}

@misc{EzequielCNN, 
    author = {Ezequiel Lopez Rubio},
    title = {Convolutional Neural Networks.},
    year = 2020,
     note = { \url{https://drive.google.com/drive/folders/1hp7NXQrCVkGgwjhYRFGtMuEZxvsj0A2E}},
}

@misc{DataAugmentation, 
    author = {Archna Oberoi},
    title = {What is Data Augmentation in Deep Learning?},
    year = 2022,
    howpublished = {Daffodil},
     note = { \url{https://insights.daffodilsw.com/blog/what-is-data-augmentation-in-deep-learning}},
}

@misc{WebHiperparametros, 
    author = {Kizito Nyuytiymbiy},
    title = {Parameters and Hyperparameters in Machine Learning and Deep Learning},
    year = 2020,
    howpublished = {Towards Data Science},
     note = { \url{https://github.blog/2023-03-02-why-python-keeps-growing-explained/}},
}

@article{AdagradPaper,
  author = {Duchi, John and Hazan, Elad and Singer, Yoram},
  journal = {Journal of Machine Learning Research},
  title = {Adaptive subgradient methods for online learning and stochastic optimization},
  number = {Jul},
  pages = {2121--2159},
  volume = 12,
  year = 2011,
  note     = "\url{https://www.jmlr.org/papers/volume12/duchi11a/duchi11a.pdf}",
}

@article{AdadeltaPaper,
  author = {Zeiler, Matthew D},
  journal = {CoRR},
  title = {ADADELTA: An Adaptive Learning Rate Method},
  volume = {abs/1212.5701},
  year = 2012,
  note     = "\url{http://dblp.uni-trier.de/db/journals/corr/corr1212.html##abs-1212-5701}",
}

@article{AdamPaper,
  author = {Kingma, Diederik P and Ba, Jimmy},
  journal = {arXiv preprint arXiv:1412.6980},
  title = {Adam: A method for stochastic optimization},
  year = 2014,
  note     = "\url{https://arxiv.org/abs/1412.6980}",
}

@misc{AdaGradArticulo, 
    author = {InteractiveChaos},
    title = {AdaGrad},
    howpublished = {InteractiveChaos.com},
     note = { \url{https://interactivechaos.com/es/manual/tutorial-de-machine-learning/adagrad}},
}

@misc{RandomAdam, 
    author = {Lory Seraydarian},
    title = {Adam},
    howpublished = {Hasty},
     note = { \url{https://hasty.ai/docs/mp-wiki/solvers-optimizers/adam}},
}

@misc{OptimizacionArtBasico, 
    author = {Shashank Ramesh},
    title = {A guide to an efficient way to build neural network architectures- Part I: Hyper-parameter selection and tuning for Dense Networks using Hyperas on Fashion-MNIST},
    year = 2018,
    howpublished = {Medium},
     note = { \url{https://towardsdatascience.com/a-guide-to-an-efficient-way-to-build-neural-network-architectures-part-i-hyper-parameter-8129009f131b}},
}

@article{OptimizationPaper,
  author = {Lydia Bouzar-Benlabiod and Stuart H. Rubin and Amel Benaida},
  journal = {IEEE 22nd International Conference on Information Reuse and Integration for Data Science (IRI)},
  title = {Optimizing Deep Neural Network Architectures: an overview},
  year = 2021,
  note     = "\url{https://arxiv.org/abs/1808.05979}",
}

@article{PaperRamdonSearch,
  author = {Bergstra, James and Bengio, Yoshua},
  journal = {Journal of Machine Learning Research},
  pages = {281-305},
  title = {Random Search for Hyper-Parameter Optimization},
  url = {http://www.jmlr.org/papers/v13/bergstra12a.html},
  volume = 13,
  year = 2012
}


@article{PaperComparandoOptimaz,
  author = {Shashank Shekhar and Adesh Bansode and Asif Salim},
  journal = {IEEE 22nd International Conference on Information Reuse and Integration for Data Science (IRI)},
  title = {A Comparative study of Hyper-Parameter Optimization Tools},
  year = 2022,
  note     = "\url{https://arxiv.org/abs/2201.06433}",
}

@misc{EnlaceGridSearch, 
    author = {Redacción KeepCoding},
    title = {Grid search en Python},
    howpublished = {KeepCoding},
    year = {2023},
     note = { \url{https://keepcoding.io/blog/grid-search-en-python/}},
}

@misc{BayesianSearchMedium, 
    author = {Will Koehrsen},
    title = {A Conceptual Explanation of Bayesian Hyperparameter Optimization for Machine Learning},
    howpublished = {Medium},
    year = {2018},
     note = { \url{https://towardsdatascience.com/a-conceptual-explanation-of-bayesian-model-based-hyperparameter-optimization-for-machine-learning-b8172278050f}},
}

@article{PaperBayesian,
  author = {Snoek, Jasper and Larochelle, Hugo and Adams, Ryan P.},
  title = {Practical Bayesian Optimization of Machine Learning Algorithms.},
  url = {http://dblp.uni-trier.de/db/conf/nips/nips2012.html#SnoekLA12},
  year = 2012
}

@article{PaperGrand,
  author = {Yoshua Bengio},
  title = {Practical Recommendations for Gradient-Based Training of Deep Architectures},
  url = {https://arxiv.org/abs/1206.5533},
  year = 2012
}

@article{PaperHyper,
  author = {Lisha Li and Kevin Jamieson and Giulia DeSalvo and Afshin Rostamizadeh and Ameet Talwalkar},
  title = {Hyperband: A Novel Bandit-Based Approach to Hyperparameter Optimization},
  url = {https://arxiv.org/abs/1603.06560},
  year = 2018
}

@misc{HPOPytorchLibrerias, 
    author = {Jakub Czakon},
    title = {Optuna vs Hyperopt: Which Hyperparameter Optimization Library Should You Choose?},
    howpublished = {neptune.ia},
    year = {2023},
     note = { \url{https://neptune.ai/blog/optuna-vs-hyperopt}},
}

@misc{PorcentajesValidacion, 
    author = {Pragati Baheti},
    title = {Train Test Validation Split: How To & Best Practices},
    howpublished = {V7 Labs},
    year = {2023},
     note = { \url{https://www.v7labs.com/blog/train-validation-test-set#:~:text=In\%20general\%2C\%20putting\%2080\%25\%20of,good\%20split\%20to\%20start\%20with.}},
}

@misc{HoldOut, 
    author = {Eijaz Allibhai},
    title = {Hold-out vs. Cross-validation in Machine Learning},
    howpublished = {Medium},
    year = 2018,
     note = { \url{https://medium.com/@eijaz/holdout-vs-cross-validation-in-machine-learning-7637112d3f8f}},
}

@misc{TiposValidacionCruzada, 
    author = {Satyam Kumar},
    title = {Understanding 8 types of Cross-Validation},
    year = {2020},
     note = { \url{https://towardsdatascience.com/understanding-8-types-of-cross-validation-80c935a4976d}},
}

@misc{ScklearnCV, 
    author = {Scikit Learn},
    title = {3.1. Cross-validation: evaluating estimator performance},
     note = { \url{https://scikit-learn.org/stable/modules/cross_validation.html}},
}

@misc{Overfitting, 
    author = {Keep Coding},
    title = {¿Qué es el overfitting?},
    howpublished = {Keep coding: Tech school.com},
     note = { \url{https://keepcoding.io/blog/que-es-el-overfitting/#:~:text=El\%20overfitting\%20o\%20sobreajuste\%20es,cualquier\%20otro\%20conjunto\%20de\%20datos.}},
}

@misc{OverfittingImagen, 
    author = {Rubiales Alberto},
    title = {¿Qué es Underfitting y Overfitting?},
    howpublished = {Medium},
     note = { \url{https://rubialesalberto.medium.com/qu\%C3\%A9-es-underfitting-y-overfitting-c73d51ffd3f9}},
}


@misc{ConfusionMatixSimple, 
    author = {Lory Seraydarian},
    title = {What Is a Confusion Matrix in Machine Learning?},
    year = 2022,
    howpublished = {Plat.AI},
     note = { \url{https://plat.ai/blog/confusion-matrix-in-machine-learning/}},
}

@misc{ConfusionMatix, 
    author = {Skicit learn},
    title = {Confusion matrix},
    howpublished = {Skicit learn},
     note = { \url{https://scikit-learn.org/stable/auto_examples/model_selection/plot_confusion_matrix.html}},
}

@misc{ROCCurveTeorica, 
    author = {Doug Steen},
    title = {Understanding the ROC Curve and AUC},
    howpublished = {Towards Data Science},
    year = {2020},
     note = { \url{https://towardsdatascience.com/understanding-the-roc-curve-and-auc-dd4f9a192ecb}},
}

@misc{ROCCurveGrafica, 
    author = {Skicit learn},
    title = {Multiclass Receiver Operating Characteristic (ROC)},
    howpublished = {Skicit learn},
     note = { \url{https://scikit-learn.org/stable/auto_examples/model_selection/plot_roc.html##one-vs-rest-multiclass-roc}},
}

@misc{MicrovsMacro, 
    author = {Arslan Tariq},
    title = {What is the difference between micro and macro averaging?)},
    howpublished = {Educative},
     note = { \url{https://www.educative.io/answers/what-is-the-difference-between-micro-and-macro-averaging}},
}

























%%%%%%%%%%%%%%%%%%%%%%%%%%%%%%%%%%%%%%%%%%%%%%%%%%%%%%%%%%%%%%%%%%%%%%%%%%%%%%%%%%%%%%%%%%%%%%%%%%%%%%%%%%%%%%
%Resultados

@misc{PrecisionBuena, 
    author = {Stephen Allwright},
    title = {What is a good accuracy score in machine learning?},
    howpublished = {StephenAllwright.com},
    year = 2022,
     note = { \url{https://stephenallwright.com/good-accuracy-score/##:~:text=There\%20is\%20a\%20general\%20rule,60\%25\%20and\%2070\%25\%20\%2D\%20OK}},
}

@misc{LearningRate, 
    author = {Jason Brownlee},
    title = {How to Configure the Learning Rate When Training Deep Learning Neural Networks},
    howpublished = {Machine Learning Mastery},
    year = 2019,
     note = { \url{https://machinelearningmastery.com/learning-rate-for-deep-learning-neural-networks/#:~:text=A\%20traditional\%20default\%20value\%20for,starting\%20point\%20on\%20your\%20problem.}},
}


@misc{CVGithub, 
    author = {Christian Versloot },
    title = {How to use K-fold Cross Validation with PyTorch?},
     note = { \url{https://github.com/christianversloot/machine-learning-articles/blob/main/how-to-use-k-fold-cross-validation-with-pytorch.md}},
}